<?xml version="1.0" encoding="UTF-8"?><record xmlns="http://www.loc.gov/MARC21/slim" xmlns:cinclude="http://apache.org/cocoon/include/1.0" xmlns:zs="http://www.loc.gov/zing/srw/">
  <leader>00779nz  a2200157n  4500</leader>
  <controlfield tag="001">no2015068679</controlfield>
  <controlfield tag="003">DLC</controlfield>
  <controlfield tag="005">20150523073621.0</controlfield>
  <controlfield tag="008">150522n| azannaabn          |a ana     c</controlfield>
  <datafield tag="010" ind1=" " ind2=" ">
    <subfield code="a">no2015068679</subfield>
  </datafield>
  <datafield tag="035" ind1=" " ind2=" ">
    <subfield code="a">(OCoLC)oca10174240</subfield>
  </datafield>
  <datafield tag="040" ind1=" " ind2=" ">
    <subfield code="a">TxU</subfield>
    <subfield code="b">eng</subfield>
    <subfield code="e">rda</subfield>
    <subfield code="c">TxU</subfield>
  </datafield>
  <datafield tag="110" ind1="2" ind2=" ">
    <subfield code="a">Colección Enrique Solano López</subfield>
  </datafield>
  <datafield tag="372" ind1=" " ind2=" ">
    <subfield code="a">Paraguayan War, 1865-1870</subfield>
    <subfield code="2">lcsh</subfield>
  </datafield>
  <datafield tag="410" ind1="2" ind2=" ">
    <subfield code="a">Biblioteca Nacional (Paraguay).</subfield>
    <subfield code="b">Colección Enrique Solano López</subfield>
  </datafield>
  <datafield tag="670" ind1=" " ind2=" ">
    <subfield code="a">Catálogo de la Colección Enrique Solano López, 2014:</subfield>
    <subfield code="b">p. 7 (Colección Enrique Solano López; Colección de Don Enrique Solano López; had 10,000 volumes dedicated to Paraguay and to the War of the Triple Alliance, 1865-1870) p. 8 (lost many volumes and it now has 2,032 consigned to the Biblioteca Nacional del Paraguay)</subfield>
  </datafield>
</record>